 @article{Gerlach_Stern_1922, title={Der experimentelle Nachweis der Richtungsquantelung im Magnetfeld}, volume={9}, ISSN={0044-3328}, DOI={10.1007/BF01326983}, number={1}, journal={Zeitschrift für Physik}, author={Gerlach, Walther and Stern, Otto}, year={1922}, month={Dec}, pages={349–352} }

